@FOOTNOTE{Note1,key="Note1",note="The pN phase has been described before as a polarized fluid in ref.~\cite {martchenko2016anisotropic}"}
